@Book{mobile_robots,
  author = {Joseph L. Jones; Anita M. Flynn y Bruce A. Seiger},
  OPTeditor = {},
  title = {Mobile Robots: Inspiration to implementation (2nd edition).},
  publisher = {AK Peters},
  year = {1998},
  series = {ISBN 1-56881-097-0},
  OPTkey = {},
  OPTvolume = {},
  OPTnumber = {},
  OPTseries = {},
  OPTaddress = {},
  OPTedition = {},
  OPTmonth = {},
  OPTnote = {},
  OPTannote = {}
}

@PhdThesis{tesis_carlos,
  author = 		  {Carlos Vázquez Regueiro},
  title = 		  {Arquitectura Fractal de Especialistas para robots móviles autónomos},
  school = 		  {Universidade de Santiago de Compostela},
  year = 		  {2002},
  OPTkey = 		  {},
  OPTtype = 	  {},
  OPTaddress =   {},
  OPTmonth = 	  {},
  OPTnote = 	  {},
  OPTannote = 	  {}
}

@Book{robots_moviles,
  author = 	  {Frédéric Giamarchi},
  ALTeditor = 	  {},
  title = 		  {Robots Móviles. Estudio y construcción.},
  publisher = 	  {Paraninfo. Thomson Learning},
  year = 		  {2001},
  OPTkey = 		  {},
  OPTvolume = 	  {},
  OPTnumber = 	  {},
  series = 	  {ISBN 84-283-2776-9},
  OPTaddress =   {},
  OPTedition =   {},
  OPTmonth = 	  {},
  OPTnote = 	  {},
  OPTannote = 	  {}
}

@Book{robotic_explorations,
  author = {Fred G. Martin},
  OPTeditor = 	  {},
  title = 		  {Robotic Explorations: a hands-on introduction to engineering.},
  publisher = 	  {Prentice-Hall, Inc.},
  OPTyear = 		  {},
  OPTkey = 		  {},
  OPTvolume = 	  {},
  OPTnumber = 	  {},
  series = 	  {ISBN 0-13-089568-7},
  OPTaddress =   {},
  OPTedition =   {},
  OPTmonth = 	  {},
  OPTnote = 	  {},
  OPTannote = 	  {}
}

@Book{programacion_linux,
  author = 	  {Rémy Card; Eric Dumas y Franck Mével},
  ALTeditor = 	  {},
  title = 		  {Programación Linux 2.0.},
  publisher = 	  {Ediciones Gestión 2000, S.A.},
  year = 		  {1997},
  OPTkey = 		  {},
  OPTvolume = 	  {},
  OPTnumber = 	  {},
  series = 	  {ISBN 84-8088-207-B},
  OPTaddress =   {},
  OPTedition =   {},
  OPTmonth = 	  {},
  OPTnote = 	  {},
  OPTannote = 	  {}
}

@Book{bulding_robots,
  author = 	  {Mario Ferrari; Giulio Ferrari y Ralph Hempel},
  OPT_editor = 	  {},
  title = 		  {Building Robots with LEGO Mindstorms.},
  publisher = 	  {Syngress Publishing, Inc.},
  OPTyear = 		  {},
  OPTkey = 		  {},
  OPTvolume = 	  {},
  OPTnumber = 	  {},
  series = 	  {ISBN 1-928994-67-9},
  OPTaddress =   {},
  OPTedition =   {},
  OPTmonth = 	  {},
  OPTnote = 	  {},
  OPTannote = 	  {}
}


@Book{animantrons,
  author = 	  {John Iovine},
  ALTeditor = 	  {},
  title = 		  {Robots, androids and animatrons (2nd edition).},
  publisher = 	  {McGraw Hill},
  OPTyear = 		  {},
  OPTkey = 		  {},
  OPTvolume = 	  {},
  OPTnumber = 	  {},
  series = 	  {0-07-137683-6},
  OPTaddress =   {},
  OPTedition =   {},
  OPTmonth = 	  {},
  OPTnote = 	  {},
  OPTannote = 	  {}
}

@Book{latex,
  author = 	  {Bernardo Cascales Salinas; Pascual Lucas Saorín; José Manuel Mira Ros; Antonio José Pallarés Ruiz y Salvador Sánchez-Pedreño Gillén},
  ALTeditor = 	  {},
  title = 		  {El libro de \LaTeX.},
  publisher = 	  {Prentice Hall},
  OPTyear = 		  {},
  OPTkey = 		  {},
  OPTvolume = 	  {},
  OPTnumber = 	  {},
  series = 	  {ISBN 84-205-3779-9},
  OPTaddress =   {},
  OPTedition =   {},
  OPTmonth = 	  {},
  OPTnote = 	  {},
  OPTannote = 	  {}
}

@Book{micros_pic_2,
  author = 	  {José Mª Angulo Usategui; Susana Romero Yesa e Ignacio Angulo Martínez},
  ALTeditor = 	  {},
  title = 		  {Microcontroladores PIC. Diseño práctico de aplicaciones. 2ª parte: PIC16F87X.},
  publisher = 	  {McGraw Hill},
  year = 		  {2000},
  OPTkey = 		  {},
  OPTvolume = 	  {},
  OPTnumber = 	  {},
  series = 	  {ISBN 84-481-2858-3},
  OPTaddress =   {},
  OPTedition =   {},
  OPTmonth = 	  {},
  OPTnote = 	  {},
  OPTannote = 	  {}
}

@Book{micros_pic,
  author = 	  {José Mª Angulo Usategui e Ignacio Angulo Martínez},
  ALTeditor = 	  {},
  title = 		  {Microcontroladores PIC. Diseño práctico de aplicaciones.},
  publisher = 	  {McGraw Hill},
  year = 		  {1999},
  OPTkey = 		  {},
  OPTvolume = 	  {},
  OPTnumber = 	  {},
  series = 	  {ISBN 84-481-2496-0},
  OPTaddress =   {},
  OPTedition =   {},
  OPTmonth = 	  {},
  OPTnote = 	  {},
  OPTannote = 	  {}
}

@Book{robots_sistemas,
  author = 	  {Fernando Torres; Jorge Pomares; Pablo Gil; Santiago T. Puente y Rafael Aracil},
  ALTeditor = 	  {},
  title = 		  {Robots y Sistemas Sensoriales.},
  publisher = 	  {Prentice Hall},
  year = 		  {2002},
  OPTkey = 		  {},
  OPTvolume = 	  {},
  OPTnumber = 	  {},
  series = 	  {ISBN 84-205-3574-5},
  OPTaddress =   {},
  OPTedition =   {},
  OPTmonth = 	  {},
  OPTnote = 	  {},
  OPTannote = 	  {}
}

@Book{customize_pic,
  author = 	  {Myke Predko},
  ALTeditor = 	  {},
  title = 		  {Programming and customizing the PIC microcontroller.},
  publisher = 	  {McGraw Hill},
  OPTyear = 		  {},
  OPTkey = 		  {},
  OPTvolume = 	  {},
  OPTnumber = 	  {},
  series = 	  {ISBN 0-07-913646-X},
  OPTaddress =   {},
  OPTedition =   {},
  OPTmonth = 	  {},
  OPTnote = 	  {},
  OPTannote = 	  {}
}

@Manual{pic18f252,
  title = 		  {PIC18FXX2 Datasheet.},
  OPTkey = 		  {},
  author =   	  {Microchip Technologies},
  OPTorganization = {},
  OPTaddress =   {},
  OPTedition =   {},
  OPTmonth = 	  {},
  year = 	  {2002},
  OPTnote = 	  {},
  OPTannote = 	  {}
}

@Manual{pic16f876,
  title = 		  {PIC16F87X Datasheet.},
  OPTkey = 		  {},
  author =   	  {Microchip Technologies},
  OPTorganization = {},
  OPTaddress =   {},
  OPTedition =   {},
  OPTmonth = 	  {},
  year = 	  {2001},
  OPTnote = 	  {},
  OPTannote = 	  {}
}

@Manual{ccs,
  title = 		  {CCS C Compiler User's Guide.},
  OPTkey = 		  {},
  author =   	  {CCS Inc.},
  OPTorganization = {},
  OPTaddress =   {},
  OPTedition =   {},
  OPTmonth = 	  {},
  year = 	  {2003},
  OPTnote = 	  {},
  OPTannote = 	  {}
}
